@book{Bloch2008EffectiveSeries,
    title = {{Effective Java (2Nd Edition) (The Java Series)}},
    year = {2008},
    author = {Bloch, Joshua},
    edition = {2},
    publisher = {Prentice Hall PTR},
    address = {Upper Saddle River, NJ, USA},
    isbn = {0321356683, 9780321356680}
}

@book{Gillies2000HowWeb,
    title = {{How the Web was Born: The Story of the World Wide Web}},
    year = {2000},
    author = {Gillies, J and Cailliau, R},
    series = {Oxford paperback reference},
    publisher = {Oxford University Press},
    url = {https://books.google.pt/books?id=pIH-JijUNS0C},
    isbn = {9780192862075}
}

@book{Duckett2014HTMLWebsites,
    title = {{HTML and CSS: Design and Build Websites}},
    year = {2014},
    author = {Duckett, Jon},
    edition = {1},
    publisher = {Wiley Publishing},
    isbn = {1118871642, 9781118871645}
}

@book{Williams2014ProfessionalApplications,
    title = {{Professional Java for Web Applications}},
    year = {2014},
    author = {Williams, Nicholas S},
    edition = {1st},
    publisher = {Wrox Press Ltd.},
    address = {Birmingham, UK, UK},
    isbn = {1118656466, 9781118656464}
}

@misc{ApacheCommonsVelocity,
    title = {{Velocity}},
    author = {{Apache Commons}},
    url = {http://velocity.apache.org/engine/1.7/index.html}
}